id,date,product_name,category,quantity_sold,unit_price,total_revenue
1,2/6/2025,Team Flag,Home and Office,79719,$71995.80,#VALUE!
2,4/28/2025,Stadium Backpack,Accessories,27206,$8315.46,
3,11/26/2024,Stadium Backpack,Accessories,76119,$45137.25,
4,10/27/2024,Plush Team Mascot,Kids and Babies,99562,$65904.90,
5,10/2/2024,Matchday Scarf,Accessories,63476,$35645.23,
6,1/30/2025,Classic Team Cap,Apparel,41777,$15931.85,
7,5/8/2025,Limited Edition Player Poster,Collectibles,21359,$442.00,
8,6/20/2024,Matchday Scarf,Accessories,8304,$74868.31,
9,1/3/2025,Signed Team Ball,Collectibles,99151,$40693.08,
10,1/3/2025,Stadium Backpack,Accessories,72030,$53858.30,
11,7/2/2024,Signed Team Ball,Collectibles,7764,$61348.09,
12,3/22/2025,Performance Training Top,Apparel,20690,$28664.64,
13,8/5/2024,Plush Team Mascot,Kids and Babies,16926,$27146.40,
14,5/12/2025,Team Flag,Home and Office,80303,$67506.57,
15,1/14/2025,Training Cones Set,Equipment,37073,$61354.95,
16,9/10/2024,Team Phone Case,Home and Office,68227,$69050.48,
17,2/26/2025,Matchday Scarf,Accessories,66287,$14298.11,
18,1/11/2025,Plush Team Mascot,Kids and Babies,4808,$34685.77,
19,4/23/2025,Matchday Scarf,Accessories,5197,$4378.11,
20,12/9/2024,Plush Team Mascot,Kids and Babies,37125,$84135.29,
21,9/23/2024,Youth Home Jersey,Kids and Babies,82845,$4262.23,
22,5/29/2025,Limited Edition Player Poster,Collectibles,15516,$91611.22,
23,2/21/2025,Official Team Sneakers,Accessories,65803,$25427.12,
24,8/7/2024,Team Flag,Home and Office,31648,$73818.55,
25,2/11/2025,Limited Edition Player Poster,Collectibles,37925,$5878.87,
26,1/4/2025,Stadium Backpack,Accessories,94555,$92144.59,
27,9/30/2024,Matchday Scarf,Accessories,9415,$33046.04,
28,8/20/2024,Team Flag,Home and Office,20922,$55683.99,
29,4/9/2025,Plush Team Mascot,Kids and Babies,47320,$1961.59,
30,11/23/2024,Team Phone Case,Home and Office,65669,$66327.58,
31,2/5/2025,Matchday Scarf,Accessories,65052,$30745.47,
32,12/29/2024,Team Flag,Home and Office,154,$36865.22,
33,12/2/2024,Plush Team Mascot,Kids and Babies,94212,$20247.02,
34,6/15/2024,Limited Edition Player Poster,Collectibles,35253,$28020.43,
35,4/2/2025,Matchday Scarf,Accessories,70991,$33540.53,
36,7/5/2024,2024 Home Jersey,Apparel,85294,$11433.06,
37,9/15/2024,Plush Team Mascot,Kids and Babies,67892,$29021.04,
38,6/19/2024,Classic Team Cap,Apparel,16514,$68205.85,
39,2/12/2025,Matchday Scarf,Accessories,20158,$32936.50,
40,8/13/2024,Signed Team Ball,Collectibles,14524,$56725.41,
41,11/18/2024,Performance Training Top,Apparel,19978,$98600.66,
42,11/29/2024,Matchday Goalkeeper Gloves,Equipment,93006,$42870.03,
43,10/20/2024,Team Phone Case,Home and Office,7398,$16053.25,
44,4/29/2025,Performance Training Top,Apparel,32900,$67590.64,
45,1/18/2025,Matchday Scarf,Accessories,99614,$23666.28,
46,8/19/2024,Matchday Scarf,Accessories,79830,$37617.95,
47,2/12/2025,Training Cones Set,Equipment,39972,$55386.01,
48,5/17/2025,Matchday Scarf,Accessories,23980,$971.29,
49,8/7/2024,Team Logo Hoodie,Apparel,38214,$98796.39,
50,3/11/2025,Signed Team Ball,Collectibles,24429,$46442.12,
51,8/4/2024,Youth Home Jersey,Kids and Babies,52635,$26184.12,
52,7/15/2024,Plush Team Mascot,Kids and Babies,54564,$46542.02,
53,8/20/2024,Team Phone Case,Home and Office,22933,$28948.84,
54,8/9/2024,Youth Home Jersey,Kids and Babies,50557,$15972.72,
55,8/17/2024,Signed Team Ball,Collectibles,74575,$58386.08,
56,9/24/2024,Training Cones Set,Equipment,34594,$90766.92,
57,11/13/2024,Signed Team Ball,Collectibles,9625,$96343.30,
58,3/15/2025,Team Flag,Home and Office,10107,$37646.13,
59,12/25/2024,Official Team Sneakers,Accessories,52805,$73907.56,
60,5/25/2025,Training Cones Set,Equipment,66066,$66123.07,
61,2/15/2025,Plush Team Mascot,Kids and Babies,62971,$48639.58,
62,7/10/2024,Team Flag,Home and Office,32016,$55299.72,
63,7/26/2024,Signed Team Ball,Collectibles,51083,$47503.69,
64,3/9/2025,Plush Team Mascot,Kids and Babies,93473,$72680.86,
65,11/28/2024,Team Phone Case,Home and Office,73783,$54820.97,
66,12/2/2024,Matchday Scarf,Accessories,92354,$44259.07,
67,1/19/2025,Matchday Goalkeeper Gloves,Equipment,47340,$40753.79,
68,6/7/2024,Signed Team Ball,Collectibles,71732,$48143.41,
69,1/24/2025,Limited Edition Player Poster,Collectibles,28229,$39513.81,
70,10/16/2024,Plush Team Mascot,Kids and Babies,10322,$16726.20,
71,6/4/2024,Matchday Goalkeeper Gloves,Equipment,7914,$81485.13,
72,10/18/2024,Plush Team Mascot,Kids and Babies,22212,$69808.95,
73,10/10/2024,Youth Home Jersey,Kids and Babies,90372,$14932.62,
74,4/19/2025,Matchday Goalkeeper Gloves,Equipment,87284,$63243.39,
75,12/27/2024,Signed Team Ball,Collectibles,83504,$26315.50,
76,3/8/2025,Team Phone Case,Home and Office,13839,$58986.87,
77,3/12/2025,Matchday Scarf,Accessories,66872,$67846.34,
78,12/9/2024,Team Flag,Home and Office,5954,$80614.41,
79,8/5/2024,Official Team Sneakers,Accessories,80057,$83205.18,
80,10/4/2024,Team Flag,Home and Office,38287,$58842.10,
81,7/12/2024,Official Team Sneakers,Accessories,90468,$43641.15,
82,1/21/2025,Classic Team Cap,Apparel,62089,$51443.75,
83,3/14/2025,Team Phone Case,Home and Office,50313,$49111.18,
84,12/5/2024,Matchday Scarf,Accessories,88137,$5570.98,
85,10/20/2024,Matchday Goalkeeper Gloves,Equipment,90940,$33973.22,
86,12/16/2024,Performance Training Top,Apparel,83602,$26063.92,
87,11/23/2024,Limited Edition Player Poster,Collectibles,13450,$88176.60,
88,10/6/2024,Plush Team Mascot,Kids and Babies,96554,$84355.30,
89,3/31/2025,Team Logo Hoodie,Apparel,5235,$17337.58,
90,7/1/2024,Plush Team Mascot,Kids and Babies,17900,$17535.83,
91,7/18/2024,2024 Home Jersey,Apparel,77457,$18417.29,
92,3/5/2025,Team Phone Case,Home and Office,10153,$47056.70,
93,7/13/2024,Matchday Goalkeeper Gloves,Equipment,76685,$76650.39,
94,6/26/2024,Matchday Goalkeeper Gloves,Equipment,33495,$92756.77,
95,8/16/2024,Official Team Sneakers,Accessories,46278,$98256.70,
96,2/21/2025,Official Team Sneakers,Accessories,76487,$90796.12,
97,1/12/2025,Signed Team Ball,Collectibles,22326,$40180.21,
98,12/15/2024,Team Phone Case,Home and Office,9186,$49551.13,
99,11/21/2024,Limited Edition Player Poster,Collectibles,7414,$94218.81,
100,5/13/2025,Official Team Sneakers,Accessories,27813,$49687.67,
101,2/23/2025,Signed Team Ball,Collectibles,66217,$76920.96,
102,2/15/2025,Training Cones Set,Equipment,772,$92467.58,
103,7/16/2024,Plush Team Mascot,Kids and Babies,59967,$92618.11,
104,5/6/2025,Signed Team Ball,Collectibles,81603,$15994.55,
105,10/20/2024,Team Logo Hoodie,Apparel,93646,$30547.07,
106,7/28/2024,Training Cones Set,Equipment,53735,$75282.00,
107,5/20/2025,Plush Team Mascot,Kids and Babies,62351,$33344.15,
108,2/3/2025,Official Team Sneakers,Accessories,51303,$17510.71,
109,5/27/2025,Performance Training Top,Apparel,77915,$83943.55,
110,7/5/2024,Performance Training Top,Apparel,29790,$48248.65,
111,2/7/2025,Team Logo Hoodie,Apparel,38966,$79076.61,
112,12/10/2024,Team Flag,Home and Office,21925,$33214.86,
113,10/2/2024,Matchday Goalkeeper Gloves,Equipment,83360,$27319.21,
114,5/5/2025,2024 Home Jersey,Apparel,83956,$91105.41,
115,7/7/2024,Matchday Scarf,Accessories,11382,$37084.63,
116,5/7/2025,Matchday Scarf,Accessories,43522,$84640.64,
117,1/19/2025,Team Flag,Home and Office,34302,$60371.27,
118,8/20/2024,Training Cones Set,Equipment,94390,$62491.90,
119,3/7/2025,Plush Team Mascot,Kids and Babies,27557,$89852.99,
120,2/19/2025,Matchday Scarf,Accessories,54847,$99893.10,
121,6/23/2024,Performance Training Top,Apparel,28240,$98389.64,
122,12/25/2024,Stadium Backpack,Accessories,27461,$96567.33,
123,7/23/2024,Classic Team Cap,Apparel,12755,$19886.01,
124,7/7/2024,Team Logo Hoodie,Apparel,48491,$5552.46,
125,2/20/2025,Team Flag,Home and Office,88073,$52546.28,
126,8/9/2024,Signed Team Ball,Collectibles,91641,$75555.98,
127,3/7/2025,Matchday Goalkeeper Gloves,Equipment,33355,$52636.69,
128,1/9/2025,Signed Team Ball,Collectibles,33746,$51567.59,
129,11/12/2024,Youth Home Jersey,Kids and Babies,91693,$21119.06,
130,7/30/2024,Matchday Goalkeeper Gloves,Equipment,21693,$12971.22,
131,4/15/2025,Youth Home Jersey,Kids and Babies,26981,$78324.83,
132,7/6/2024,Performance Training Top,Apparel,48978,$64037.75,
133,12/25/2024,Matchday Goalkeeper Gloves,Equipment,98405,$91690.08,
134,5/27/2025,Official Team Sneakers,Accessories,45570,$5714.00,
135,6/4/2024,2024 Home Jersey,Apparel,24197,$11723.10,
136,10/15/2024,Matchday Goalkeeper Gloves,Equipment,32887,$4872.71,
137,7/4/2024,Training Cones Set,Equipment,52757,$27603.07,
138,11/15/2024,Plush Team Mascot,Kids and Babies,37458,$81779.92,
139,5/22/2025,Matchday Goalkeeper Gloves,Equipment,44772,$50769.73,
140,6/14/2024,Team Flag,Home and Office,95804,$73704.84,
141,3/31/2025,Matchday Goalkeeper Gloves,Equipment,21171,$65869.76,
142,5/10/2025,Stadium Backpack,Accessories,84134,$64692.74,
143,1/17/2025,Matchday Goalkeeper Gloves,Equipment,67874,$54367.57,
144,3/20/2025,Signed Team Ball,Collectibles,6496,$52289.42,
145,1/10/2025,Plush Team Mascot,Kids and Babies,69166,$10752.56,
146,12/9/2024,Stadium Backpack,Accessories,52693,$47128.68,
147,11/13/2024,Limited Edition Player Poster,Collectibles,42146,$3145.55,
148,8/26/2024,Matchday Goalkeeper Gloves,Equipment,48196,$26250.52,
149,2/3/2025,Matchday Goalkeeper Gloves,Equipment,97791,$95999.63,
150,6/23/2024,Signed Team Ball,Collectibles,70776,$88608.81,
151,10/29/2024,2024 Home Jersey,Apparel,41735,$21216.58,
152,1/3/2025,Youth Home Jersey,Kids and Babies,80492,$22563.43,
153,12/8/2024,Plush Team Mascot,Kids and Babies,18782,$7420.84,
154,7/28/2024,Matchday Goalkeeper Gloves,Equipment,67928,$29776.62,
155,8/21/2024,Training Cones Set,Equipment,3858,$81839.07,
156,9/1/2024,Official Team Sneakers,Accessories,30353,$15261.96,
157,1/22/2025,Team Flag,Home and Office,71488,$36101.60,
158,7/18/2024,Matchday Scarf,Accessories,65978,$53533.95,
159,7/27/2024,Youth Home Jersey,Kids and Babies,49606,$207.95,
160,12/26/2024,Signed Team Ball,Collectibles,17345,$47278.23,
161,2/21/2025,Classic Team Cap,Apparel,68763,$10825.35,
162,10/10/2024,Youth Home Jersey,Kids and Babies,76864,$98936.06,
163,12/16/2024,Youth Home Jersey,Kids and Babies,33830,$2560.34,
164,1/7/2025,Limited Edition Player Poster,Collectibles,97503,$50524.19,
165,11/19/2024,Matchday Goalkeeper Gloves,Equipment,65284,$62720.96,
166,3/5/2025,Team Phone Case,Home and Office,30159,$35567.11,
167,11/1/2024,Official Team Sneakers,Accessories,76664,$57121.02,
168,7/27/2024,Official Team Sneakers,Accessories,9244,$64149.44,
169,6/4/2024,Stadium Backpack,Accessories,60941,$17239.32,
170,6/18/2024,Plush Team Mascot,Kids and Babies,69446,$79352.71,
171,7/20/2024,Official Team Sneakers,Accessories,67466,$4870.76,
172,9/26/2024,Limited Edition Player Poster,Collectibles,39099,$60981.58,
173,1/9/2025,Team Phone Case,Home and Office,86922,$59239.95,
174,1/17/2025,Plush Team Mascot,Kids and Babies,74423,$39655.84,
175,12/31/2024,Youth Home Jersey,Kids and Babies,32774,$63041.36,
176,6/4/2024,Team Logo Hoodie,Apparel,30171,$80890.93,
177,12/15/2024,Limited Edition Player Poster,Collectibles,10704,$69072.87,
178,1/1/2025,Signed Team Ball,Collectibles,54799,$7170.73,
179,5/8/2025,Team Phone Case,Home and Office,77335,$5177.05,
180,12/30/2024,Signed Team Ball,Collectibles,29807,$19044.80,
181,9/28/2024,Official Team Sneakers,Accessories,43854,$15994.91,
182,1/19/2025,Plush Team Mascot,Kids and Babies,94730,$10853.36,
183,7/7/2024,Stadium Backpack,Accessories,78209,$53899.00,
184,9/15/2024,Training Cones Set,Equipment,30844,$40489.76,
185,12/6/2024,Team Flag,Home and Office,49868,$36596.78,
186,6/18/2024,Training Cones Set,Equipment,42687,$31743.66,
187,9/19/2024,Signed Team Ball,Collectibles,51536,$58301.07,
188,12/28/2024,Plush Team Mascot,Kids and Babies,30514,$49471.46,
189,3/2/2025,Matchday Scarf,Accessories,89005,$65951.10,
190,6/1/2025,Team Logo Hoodie,Apparel,63788,$59049.64,
191,2/21/2025,Youth Home Jersey,Kids and Babies,93665,$29462.42,
192,10/24/2024,Team Flag,Home and Office,37459,$34291.84,
193,9/18/2024,Classic Team Cap,Apparel,18805,$12843.43,
194,6/14/2024,2024 Home Jersey,Apparel,7881,$5219.45,
195,4/19/2025,Official Team Sneakers,Accessories,60871,$27886.83,
196,10/15/2024,Team Flag,Home and Office,22325,$76181.69,
197,6/6/2024,Team Phone Case,Home and Office,21329,$33635.96,
198,2/17/2025,Team Phone Case,Home and Office,71935,$15357.69,
199,2/6/2025,Signed Team Ball,Collectibles,72602,$75958.30,
200,8/25/2024,Official Team Sneakers,Accessories,90504,$98239.40,
201,1/17/2025,Youth Home Jersey,Kids and Babies,18118,$70589.37,
202,1/22/2025,Signed Team Ball,Collectibles,90996,$16163.58,
203,1/10/2025,Matchday Scarf,Accessories,88669,$18514.75,
204,10/29/2024,Official Team Sneakers,Accessories,2275,$83772.08,
205,5/15/2025,Matchday Scarf,Accessories,28423,$81251.74,
206,6/10/2024,Plush Team Mascot,Kids and Babies,43712,$76727.85,
207,3/21/2025,Matchday Goalkeeper Gloves,Equipment,44306,$11813.91,
208,8/25/2024,Matchday Goalkeeper Gloves,Equipment,29914,$35523.46,
209,1/30/2025,Team Phone Case,Home and Office,20604,$43717.52,
210,11/27/2024,Team Flag,Home and Office,75399,$50056.70,
211,8/25/2024,Stadium Backpack,Accessories,70613,$23994.89,
212,2/11/2025,Official Team Sneakers,Accessories,95973,$61522.57,
213,7/4/2024,Matchday Scarf,Accessories,74699,$90861.34,
214,8/25/2024,Plush Team Mascot,Kids and Babies,11264,$90276.32,
215,12/30/2024,Matchday Scarf,Accessories,55932,$73176.53,
216,12/24/2024,Signed Team Ball,Collectibles,84032,$6768.91,
217,11/18/2024,2024 Home Jersey,Apparel,25183,$7248.46,
218,11/16/2024,Team Flag,Home and Office,87574,$44584.09,
219,9/19/2024,Plush Team Mascot,Kids and Babies,43463,$59037.62,
220,8/21/2024,Stadium Backpack,Accessories,42964,$29585.46,
221,2/3/2025,Classic Team Cap,Apparel,15296,$4646.51,
222,9/10/2024,Official Team Sneakers,Accessories,92977,$63657.79,
223,7/12/2024,Team Flag,Home and Office,18119,$33237.19,
224,7/26/2024,Team Logo Hoodie,Apparel,42275,$60316.66,
225,1/27/2025,Youth Home Jersey,Kids and Babies,34622,$54564.20,
226,12/25/2024,Signed Team Ball,Collectibles,68143,$69545.48,
227,5/24/2025,2024 Home Jersey,Apparel,29120,$50613.66,
228,4/12/2025,Official Team Sneakers,Accessories,2608,$13561.02,
229,7/8/2024,Team Flag,Home and Office,96816,$55780.51,
230,12/12/2024,Limited Edition Player Poster,Collectibles,6692,$11140.28,
231,10/26/2024,Signed Team Ball,Collectibles,44737,$64339.94,
232,3/4/2025,Team Phone Case,Home and Office,5228,$52260.64,
233,12/13/2024,Stadium Backpack,Accessories,3276,$37131.12,
234,12/3/2024,Official Team Sneakers,Accessories,16912,$10731.09,
235,3/6/2025,Training Cones Set,Equipment,67538,$44849.57,
236,12/11/2024,Training Cones Set,Equipment,136,$4173.79,
237,10/27/2024,Stadium Backpack,Accessories,83154,$364.80,
238,4/11/2025,Team Logo Hoodie,Apparel,66568,$35092.00,
239,10/31/2024,Signed Team Ball,Collectibles,5719,$26197.80,
240,2/16/2025,Classic Team Cap,Apparel,64704,$2006.20,
241,8/30/2024,Matchday Scarf,Accessories,37932,$91247.92,
242,8/4/2024,Stadium Backpack,Accessories,41533,$23427.06,
243,3/12/2025,Team Phone Case,Home and Office,16816,$20328.77,
244,11/22/2024,Classic Team Cap,Apparel,2889,$84373.54,
245,6/27/2024,Team Phone Case,Home and Office,32505,$94710.43,
246,5/17/2025,2024 Home Jersey,Apparel,8057,$7656.67,
247,10/25/2024,Matchday Goalkeeper Gloves,Equipment,81674,$34228.31,
248,7/24/2024,Youth Home Jersey,Kids and Babies,22247,$42506.13,
249,5/14/2025,Matchday Goalkeeper Gloves,Equipment,23792,$80682.63,
250,9/16/2024,Stadium Backpack,Accessories,77955,$62643.08,
251,4/17/2025,Matchday Goalkeeper Gloves,Equipment,89143,$72490.17,
252,6/29/2024,2024 Home Jersey,Apparel,26718,$2736.30,
253,10/21/2024,Training Cones Set,Equipment,76027,$95329.93,
254,8/20/2024,Stadium Backpack,Accessories,41856,$97861.64,
255,6/27/2024,Stadium Backpack,Accessories,7427,$80967.70,
256,12/10/2024,Signed Team Ball,Collectibles,47187,$45408.90,
257,11/15/2024,Training Cones Set,Equipment,51603,$88411.20,
258,12/1/2024,Classic Team Cap,Apparel,64261,$39552.65,
259,5/21/2025,Team Phone Case,Home and Office,24403,$34928.67,
260,2/4/2025,Matchday Goalkeeper Gloves,Equipment,18628,$81624.97,
261,1/17/2025,Youth Home Jersey,Kids and Babies,75999,$4045.01,
262,11/21/2024,Limited Edition Player Poster,Collectibles,3550,$54779.59,
263,6/23/2024,Team Phone Case,Home and Office,75772,$42309.24,
264,3/6/2025,Official Team Sneakers,Accessories,61127,$823.88,
265,10/28/2024,Team Phone Case,Home and Office,56715,$87941.38,
266,4/22/2025,Team Phone Case,Home and Office,82752,$514.78,
267,10/15/2024,2024 Home Jersey,Apparel,20029,$45182.18,
268,12/24/2024,Team Flag,Home and Office,28354,$22456.50,
269,3/5/2025,Signed Team Ball,Collectibles,57449,$87751.57,
270,2/7/2025,Plush Team Mascot,Kids and Babies,116,$9625.52,
271,2/27/2025,2024 Home Jersey,Apparel,45787,$38218.11,
272,2/3/2025,Limited Edition Player Poster,Collectibles,88553,$52058.89,
273,10/3/2024,Classic Team Cap,Apparel,68409,$65427.75,
274,8/31/2024,Matchday Goalkeeper Gloves,Equipment,64656,$30827.64,
275,3/9/2025,Matchday Goalkeeper Gloves,Equipment,27828,$86678.71,
276,10/7/2024,Matchday Goalkeeper Gloves,Equipment,77301,$33751.91,
277,9/7/2024,Performance Training Top,Apparel,8531,$46911.74,
278,6/25/2024,Performance Training Top,Apparel,89381,$7695.74,
279,9/25/2024,Signed Team Ball,Collectibles,4994,$85163.89,
280,12/1/2024,Training Cones Set,Equipment,98157,$40120.50,
281,9/9/2024,Matchday Goalkeeper Gloves,Equipment,86107,$18866.86,
282,3/18/2025,Signed Team Ball,Collectibles,1574,$8274.89,
283,1/29/2025,Matchday Scarf,Accessories,50069,$1588.96,
284,6/13/2024,Team Flag,Home and Office,44338,$94557.09,
285,7/11/2024,Classic Team Cap,Apparel,52885,$72411.49,
286,2/3/2025,Training Cones Set,Equipment,18070,$85246.21,
287,7/20/2024,Plush Team Mascot,Kids and Babies,37949,$88564.90,
288,7/9/2024,Plush Team Mascot,Kids and Babies,75446,$37910.67,
289,2/20/2025,Limited Edition Player Poster,Collectibles,26463,$64954.70,
290,4/10/2025,Official Team Sneakers,Accessories,46061,$45277.16,
291,7/3/2024,Plush Team Mascot,Kids and Babies,72450,$24245.03,
292,7/10/2024,Team Logo Hoodie,Apparel,63061,$29894.49,
293,12/20/2024,Team Flag,Home and Office,17400,$22848.27,
294,7/11/2024,Team Flag,Home and Office,82508,$27865.36,
295,10/29/2024,Classic Team Cap,Apparel,30361,$18863.82,
296,2/6/2025,Youth Home Jersey,Kids and Babies,25512,$46888.12,
297,11/21/2024,Limited Edition Player Poster,Collectibles,56618,$22015.49,
298,12/14/2024,Youth Home Jersey,Kids and Babies,42045,$16213.70,
299,11/22/2024,Youth Home Jersey,Kids and Babies,17489,$29708.95,
300,5/8/2025,Plush Team Mascot,Kids and Babies,42920,$2457.78,
301,5/3/2025,Stadium Backpack,Accessories,4597,$51144.68,
302,7/21/2024,Matchday Goalkeeper Gloves,Equipment,65938,$7140.94,
303,8/8/2024,Stadium Backpack,Accessories,67345,$26821.42,
304,3/3/2025,Youth Home Jersey,Kids and Babies,99387,$13153.99,
305,4/5/2025,Plush Team Mascot,Kids and Babies,16370,$80186.91,
306,10/27/2024,Stadium Backpack,Accessories,90292,$1302.07,
307,4/29/2025,Matchday Goalkeeper Gloves,Equipment,67037,$35707.78,
308,9/24/2024,Official Team Sneakers,Accessories,52393,$60804.54,
309,2/22/2025,Matchday Goalkeeper Gloves,Equipment,10592,$32654.93,
310,7/17/2024,Plush Team Mascot,Kids and Babies,77782,$88359.21,
311,3/9/2025,Youth Home Jersey,Kids and Babies,11351,$60794.35,
312,10/8/2024,Matchday Goalkeeper Gloves,Equipment,48292,$38244.58,
313,6/24/2024,Training Cones Set,Equipment,75544,$28371.08,
314,6/26/2024,Youth Home Jersey,Kids and Babies,30785,$94810.80,
315,5/1/2025,Official Team Sneakers,Accessories,3189,$68505.83,
316,1/12/2025,Signed Team Ball,Collectibles,86653,$6651.97,
317,3/20/2025,Training Cones Set,Equipment,79961,$1036.30,
318,12/1/2024,Limited Edition Player Poster,Collectibles,45836,$54967.15,
319,10/3/2024,Stadium Backpack,Accessories,5539,$84546.99,
320,10/19/2024,2024 Home Jersey,Apparel,60476,$75802.60,
321,4/7/2025,Plush Team Mascot,Kids and Babies,53607,$19552.53,
322,6/2/2025,2024 Home Jersey,Apparel,22276,$30712.97,
323,1/27/2025,Training Cones Set,Equipment,7142,$137.68,
324,10/13/2024,Team Flag,Home and Office,55714,$1991.30,
325,1/17/2025,Plush Team Mascot,Kids and Babies,48280,$15940.38,
326,9/22/2024,Limited Edition Player Poster,Collectibles,76555,$817.64,
327,1/31/2025,Matchday Scarf,Accessories,35369,$6713.07,
328,4/15/2025,Classic Team Cap,Apparel,64760,$98310.43,
329,9/27/2024,Stadium Backpack,Accessories,29283,$46997.07,
330,7/4/2024,Matchday Scarf,Accessories,88911,$93550.08,
331,1/21/2025,Team Flag,Home and Office,11540,$32041.36,
332,4/1/2025,2024 Home Jersey,Apparel,11733,$64459.69,
333,8/5/2024,Official Team Sneakers,Accessories,48038,$90714.94,
334,6/15/2024,Team Phone Case,Home and Office,73666,$58509.57,
335,11/17/2024,2024 Home Jersey,Apparel,69534,$3363.12,
336,4/11/2025,Training Cones Set,Equipment,47242,$70195.11,
337,7/24/2024,Matchday Goalkeeper Gloves,Equipment,64661,$68406.21,
338,6/16/2024,Stadium Backpack,Accessories,77324,$10108.85,
339,3/17/2025,Matchday Goalkeeper Gloves,Equipment,62542,$1652.26,
340,12/26/2024,Team Flag,Home and Office,63330,$79426.05,
341,7/13/2024,Classic Team Cap,Apparel,20899,$89540.00,
342,5/26/2025,Matchday Scarf,Accessories,14771,$9238.27,
343,1/30/2025,Stadium Backpack,Accessories,32231,$21718.06,
344,10/5/2024,Team Flag,Home and Office,75508,$95203.88,
345,5/20/2025,Signed Team Ball,Collectibles,73419,$40345.37,
346,4/22/2025,Plush Team Mascot,Kids and Babies,17123,$24357.54,
347,4/17/2025,Signed Team Ball,Collectibles,83648,$25930.84,
348,6/14/2024,Team Logo Hoodie,Apparel,58267,$2613.40,
349,6/20/2024,Limited Edition Player Poster,Collectibles,77778,$98672.03,
350,10/8/2024,Signed Team Ball,Collectibles,56855,$77290.65,
351,11/23/2024,Matchday Scarf,Accessories,91755,$17711.33,
352,2/4/2025,Team Flag,Home and Office,16443,$6936.67,
353,9/15/2024,Limited Edition Player Poster,Collectibles,4548,$35016.77,
354,12/8/2024,Matchday Scarf,Accessories,94297,$51619.31,
355,9/5/2024,2024 Home Jersey,Apparel,37449,$68199.39,
356,9/19/2024,Team Flag,Home and Office,70842,$51144.16,
357,6/26/2024,Signed Team Ball,Collectibles,22301,$26939.44,
358,1/8/2025,Training Cones Set,Equipment,3691,$87934.52,
359,7/8/2024,Stadium Backpack,Accessories,60140,$80845.24,
360,11/4/2024,Training Cones Set,Equipment,77308,$69337.41,
361,2/20/2025,Team Logo Hoodie,Apparel,35752,$86193.35,
362,9/30/2024,Team Flag,Home and Office,14075,$3422.41,
363,11/4/2024,Team Phone Case,Home and Office,76738,$34383.55,
364,8/26/2024,Signed Team Ball,Collectibles,40058,$24886.27,
365,6/1/2025,Classic Team Cap,Apparel,80000,$7595.15,
366,8/19/2024,Training Cones Set,Equipment,13527,$71655.57,
367,12/4/2024,Limited Edition Player Poster,Collectibles,57000,$88722.36,
368,8/12/2024,Training Cones Set,Equipment,15185,$66210.09,
369,5/13/2025,Stadium Backpack,Accessories,26255,$3864.61,
370,4/2/2025,Matchday Goalkeeper Gloves,Equipment,97509,$85350.67,
371,11/10/2024,Stadium Backpack,Accessories,18200,$50425.75,
372,2/11/2025,Performance Training Top,Apparel,42589,$86057.18,
373,8/7/2024,Stadium Backpack,Accessories,62090,$91973.89,
374,12/17/2024,2024 Home Jersey,Apparel,14390,$85951.06,
375,4/10/2025,Matchday Goalkeeper Gloves,Equipment,91453,$5471.19,
376,10/4/2024,Limited Edition Player Poster,Collectibles,62250,$89050.95,
377,10/4/2024,Youth Home Jersey,Kids and Babies,54759,$37113.53,
378,3/27/2025,Team Phone Case,Home and Office,30939,$4534.52,
379,1/7/2025,Signed Team Ball,Collectibles,23915,$58408.90,
380,12/15/2024,Stadium Backpack,Accessories,17411,$74551.65,
381,4/29/2025,Team Flag,Home and Office,97518,$69640.21,
382,10/20/2024,Plush Team Mascot,Kids and Babies,68108,$83730.88,
383,8/13/2024,Matchday Scarf,Accessories,77324,$61989.90,
384,3/30/2025,Team Phone Case,Home and Office,67837,$56848.57,
385,6/12/2024,Team Phone Case,Home and Office,71841,$51415.36,
386,5/19/2025,Matchday Goalkeeper Gloves,Equipment,55893,$97919.43,
387,9/12/2024,Matchday Goalkeeper Gloves,Equipment,97286,$68315.83,
388,11/19/2024,Official Team Sneakers,Accessories,39058,$76924.18,
389,1/10/2025,Official Team Sneakers,Accessories,42040,$37004.34,
390,12/2/2024,Plush Team Mascot,Kids and Babies,29981,$97517.57,
391,2/20/2025,Performance Training Top,Apparel,35626,$41961.02,
392,2/15/2025,Team Flag,Home and Office,26241,$20837.08,
393,10/2/2024,Team Flag,Home and Office,4627,$9899.20,
394,10/1/2024,Official Team Sneakers,Accessories,8056,$93469.19,
395,2/16/2025,Team Flag,Home and Office,51852,$42931.78,
396,5/26/2025,Training Cones Set,Equipment,13663,$52654.22,
397,3/19/2025,Official Team Sneakers,Accessories,85486,$84892.73,
398,5/29/2025,2024 Home Jersey,Apparel,67406,$36307.81,
399,8/8/2024,Limited Edition Player Poster,Collectibles,33228,$92486.70,
400,11/3/2024,Limited Edition Player Poster,Collectibles,21881,$80436.99,
401,6/12/2024,Limited Edition Player Poster,Collectibles,76315,$65337.18,
402,3/12/2025,Signed Team Ball,Collectibles,35130,$5723.79,
403,7/7/2024,Team Phone Case,Home and Office,7067,$22339.87,
404,7/4/2024,Plush Team Mascot,Kids and Babies,14445,$94219.63,
405,5/18/2025,Limited Edition Player Poster,Collectibles,54688,$29434.36,
406,7/10/2024,Official Team Sneakers,Accessories,57303,$29421.85,
407,4/12/2025,Limited Edition Player Poster,Collectibles,72634,$92072.35,
408,9/15/2024,Matchday Goalkeeper Gloves,Equipment,87875,$84211.52,
409,2/23/2025,Matchday Goalkeeper Gloves,Equipment,28214,$28744.37,
410,8/19/2024,Youth Home Jersey,Kids and Babies,55833,$40622.03,
411,9/29/2024,Matchday Scarf,Accessories,16777,$11961.54,
412,10/19/2024,2024 Home Jersey,Apparel,95904,$24006.01,
413,10/27/2024,Official Team Sneakers,Accessories,66759,$93998.35,
414,5/12/2025,Official Team Sneakers,Accessories,4660,$73919.58,
415,4/18/2025,Training Cones Set,Equipment,17602,$87016.89,
416,6/4/2024,Stadium Backpack,Accessories,81054,$34512.83,
417,7/29/2024,Youth Home Jersey,Kids and Babies,43614,$78234.70,
418,10/27/2024,Youth Home Jersey,Kids and Babies,14483,$30035.84,
419,6/1/2025,Matchday Goalkeeper Gloves,Equipment,51910,$78526.02,
420,6/19/2024,Signed Team Ball,Collectibles,17942,$95658.70,
421,7/25/2024,2024 Home Jersey,Apparel,65467,$25581.15,
422,5/6/2025,Training Cones Set,Equipment,70270,$18371.39,
423,3/3/2025,Training Cones Set,Equipment,1194,$40264.55,
424,3/9/2025,Official Team Sneakers,Accessories,56219,$79896.92,
425,10/10/2024,Matchday Goalkeeper Gloves,Equipment,54007,$68428.04,
426,5/26/2025,Team Flag,Home and Office,90526,$54362.23,
427,11/28/2024,Team Flag,Home and Office,24662,$53050.44,
428,12/22/2024,Youth Home Jersey,Kids and Babies,61546,$15544.46,
429,2/12/2025,2024 Home Jersey,Apparel,1238,$69589.68,
430,10/16/2024,Limited Edition Player Poster,Collectibles,84637,$72808.83,
431,4/14/2025,2024 Home Jersey,Apparel,25330,$55630.20,
432,11/23/2024,Team Flag,Home and Office,7905,$43399.37,
433,1/21/2025,Signed Team Ball,Collectibles,23874,$23029.10,
434,12/13/2024,Matchday Goalkeeper Gloves,Equipment,60145,$39450.80,
435,6/30/2024,2024 Home Jersey,Apparel,88183,$46509.96,
436,11/17/2024,Team Phone Case,Home and Office,3235,$94900.03,
437,11/19/2024,Signed Team Ball,Collectibles,7543,$91543.18,
438,8/31/2024,Classic Team Cap,Apparel,18522,$9241.72,
439,5/15/2025,Plush Team Mascot,Kids and Babies,54540,$89999.83,
440,9/27/2024,Team Logo Hoodie,Apparel,41097,$84620.07,
441,3/4/2025,Plush Team Mascot,Kids and Babies,53312,$26165.11,
442,6/27/2024,Youth Home Jersey,Kids and Babies,906,$53975.66,
443,4/3/2025,Official Team Sneakers,Accessories,65679,$64599.56,
444,6/26/2024,Team Flag,Home and Office,87999,$78154.13,
445,5/1/2025,Team Logo Hoodie,Apparel,12364,$42118.15,
446,3/26/2025,2024 Home Jersey,Apparel,7040,$23294.30,
447,11/11/2024,Matchday Scarf,Accessories,30206,$7642.86,
448,9/20/2024,Official Team Sneakers,Accessories,58502,$47620.34,
449,1/7/2025,Performance Training Top,Apparel,3054,$33751.28,
450,12/2/2024,Matchday Scarf,Accessories,5822,$70918.68,
451,8/30/2024,Signed Team Ball,Collectibles,43492,$23934.24,
452,9/10/2024,Matchday Scarf,Accessories,42168,$97193.21,
453,12/20/2024,Youth Home Jersey,Kids and Babies,26842,$95827.69,
454,11/19/2024,Team Phone Case,Home and Office,90016,$2264.50,
455,1/13/2025,Signed Team Ball,Collectibles,82844,$46673.79,
456,1/23/2025,Classic Team Cap,Apparel,67841,$77768.41,
457,1/5/2025,Limited Edition Player Poster,Collectibles,3898,$8685.44,
458,3/5/2025,Limited Edition Player Poster,Collectibles,72912,$81572.76,
459,7/2/2024,Matchday Goalkeeper Gloves,Equipment,70040,$87982.55,
460,5/25/2025,Signed Team Ball,Collectibles,67123,$79569.91,
461,12/13/2024,Training Cones Set,Equipment,85490,$21897.97,
462,5/28/2025,Training Cones Set,Equipment,38719,$30912.64,
463,1/15/2025,Plush Team Mascot,Kids and Babies,99510,$65829.38,
464,6/9/2024,Training Cones Set,Equipment,4308,$154.83,
465,2/19/2025,Team Flag,Home and Office,23051,$88258.60,
466,11/2/2024,Matchday Goalkeeper Gloves,Equipment,55324,$13267.28,
467,10/20/2024,Team Logo Hoodie,Apparel,35963,$78375.21,
468,3/5/2025,2024 Home Jersey,Apparel,43243,$43952.18,
469,4/26/2025,Limited Edition Player Poster,Collectibles,41703,$24866.24,
470,5/5/2025,Signed Team Ball,Collectibles,10910,$86849.95,
471,9/29/2024,Matchday Goalkeeper Gloves,Equipment,60840,$22692.66,
472,9/30/2024,Plush Team Mascot,Kids and Babies,66156,$78380.23,
473,7/31/2024,Official Team Sneakers,Accessories,59256,$86535.12,
474,6/4/2024,Team Phone Case,Home and Office,89930,$54951.30,
475,7/2/2024,Official Team Sneakers,Accessories,58557,$95224.14,
476,9/23/2024,Team Flag,Home and Office,48756,$36958.69,
477,6/28/2024,Team Phone Case,Home and Office,71663,$89596.33,
478,7/13/2024,Youth Home Jersey,Kids and Babies,38909,$51438.91,
479,12/30/2024,Youth Home Jersey,Kids and Babies,92513,$57073.06,
480,3/16/2025,Performance Training Top,Apparel,78475,$47865.46,
481,12/3/2024,Team Phone Case,Home and Office,78507,$83732.07,
482,11/4/2024,2024 Home Jersey,Apparel,30719,$30947.46,
483,4/11/2025,Matchday Scarf,Accessories,53001,$12685.49,
484,5/29/2025,Youth Home Jersey,Kids and Babies,51775,$91074.20,
485,5/19/2025,Team Flag,Home and Office,91779,$4015.17,
486,6/8/2024,Signed Team Ball,Collectibles,94469,$91337.80,
487,2/17/2025,Plush Team Mascot,Kids and Babies,57305,$49739.86,
488,7/30/2024,Signed Team Ball,Collectibles,95223,$26013.38,
489,4/29/2025,Matchday Scarf,Accessories,13862,$63112.43,
490,4/20/2025,Limited Edition Player Poster,Collectibles,494,$7050.04,
491,4/10/2025,Signed Team Ball,Collectibles,15909,$45562.59,
492,12/29/2024,Youth Home Jersey,Kids and Babies,30849,$29456.99,
493,3/13/2025,Signed Team Ball,Collectibles,18310,$50228.94,
494,9/15/2024,Youth Home Jersey,Kids and Babies,59191,$42887.77,
495,3/20/2025,Matchday Scarf,Accessories,5508,$8032.60,
496,7/15/2024,Matchday Scarf,Accessories,4554,$31338.82,
497,2/22/2025,Stadium Backpack,Accessories,69128,$70920.29,
498,6/2/2025,Matchday Scarf,Accessories,40093,$24259.82,
499,12/11/2024,Team Flag,Home and Office,716,$71969.60,
500,4/2/2025,Limited Edition Player Poster,Collectibles,22537,$23734.14,
501,3/13/2025,2024 Home Jersey,Apparel,43102,$62911.53,
502,2/26/2025,Matchday Scarf,Accessories,44479,$88995.45,
503,10/3/2024,2024 Home Jersey,Apparel,27292,$71235.98,
504,7/24/2024,Team Flag,Home and Office,27714,$94568.34,
505,10/12/2024,Training Cones Set,Equipment,33999,$41004.92,
506,12/26/2024,Signed Team Ball,Collectibles,97848,$71056.08,
507,10/24/2024,Youth Home Jersey,Kids and Babies,96156,$31212.22,
508,7/4/2024,Team Flag,Home and Office,31038,$2010.16,
509,2/2/2025,Limited Edition Player Poster,Collectibles,76321,$7509.56,
510,9/22/2024,Youth Home Jersey,Kids and Babies,39015,$44602.35,
511,2/23/2025,Youth Home Jersey,Kids and Babies,85632,$69792.10,
512,11/23/2024,Youth Home Jersey,Kids and Babies,47272,$85186.82,
513,2/12/2025,Matchday Scarf,Accessories,6736,$92413.70,
514,4/12/2025,Training Cones Set,Equipment,52032,$17513.47,
515,6/4/2024,Stadium Backpack,Accessories,51203,$75360.50,
516,3/3/2025,Youth Home Jersey,Kids and Babies,49433,$15342.55,
517,7/28/2024,Matchday Goalkeeper Gloves,Equipment,28517,$87640.15,
518,3/6/2025,Team Phone Case,Home and Office,83631,$96885.94,
519,4/19/2025,Training Cones Set,Equipment,64832,$28376.05,
520,9/16/2024,Stadium Backpack,Accessories,23689,$42337.63,
521,12/4/2024,Training Cones Set,Equipment,53430,$15823.20,
522,10/30/2024,Matchday Goalkeeper Gloves,Equipment,20847,$92467.88,
523,4/6/2025,2024 Home Jersey,Apparel,49669,$57179.63,
524,5/23/2025,2024 Home Jersey,Apparel,40910,$2672.38,
525,6/16/2024,Official Team Sneakers,Accessories,38202,$32156.43,
526,9/16/2024,Training Cones Set,Equipment,49888,$57004.16,
527,5/20/2025,Team Flag,Home and Office,10854,$3344.92,
528,12/27/2024,Training Cones Set,Equipment,77106,$33821.48,
529,1/29/2025,Limited Edition Player Poster,Collectibles,64965,$83073.45,
530,3/29/2025,Youth Home Jersey,Kids and Babies,2928,$82217.85,
531,4/23/2025,Performance Training Top,Apparel,19598,$41464.76,
532,1/6/2025,Signed Team Ball,Collectibles,48208,$12311.17,
533,6/5/2024,Signed Team Ball,Collectibles,49818,$90287.29,
534,4/29/2025,Signed Team Ball,Collectibles,42692,$22494.71,
535,8/6/2024,Youth Home Jersey,Kids and Babies,86015,$18245.33,
536,12/29/2024,Plush Team Mascot,Kids and Babies,99785,$59529.94,
537,4/26/2025,Team Phone Case,Home and Office,26783,$42371.09,
538,3/11/2025,Stadium Backpack,Accessories,73187,$12525.48,
539,7/12/2024,Classic Team Cap,Apparel,35885,$91841.22,
540,9/1/2024,Plush Team Mascot,Kids and Babies,81895,$60764.84,
541,8/23/2024,Signed Team Ball,Collectibles,83867,$39323.25,
542,9/3/2024,Limited Edition Player Poster,Collectibles,94152,$78689.97,
543,12/31/2024,Training Cones Set,Equipment,9665,$47923.98,
544,9/13/2024,Youth Home Jersey,Kids and Babies,66449,$78624.60,
545,1/24/2025,Matchday Goalkeeper Gloves,Equipment,62382,$76983.44,
546,11/9/2024,Signed Team Ball,Collectibles,4324,$8844.97,
547,8/30/2024,Performance Training Top,Apparel,82761,$87164.99,
548,7/24/2024,Youth Home Jersey,Kids and Babies,43587,$81009.13,
549,7/27/2024,Official Team Sneakers,Accessories,66016,$50169.98,
550,2/28/2025,Classic Team Cap,Apparel,58290,$75353.06,
551,9/24/2024,Matchday Scarf,Accessories,50999,$75554.03,
552,1/6/2025,Performance Training Top,Apparel,5709,$16533.17,
553,12/24/2024,Performance Training Top,Apparel,71989,$22411.34,
554,12/18/2024,Matchday Goalkeeper Gloves,Equipment,67291,$9895.05,
555,9/3/2024,Plush Team Mascot,Kids and Babies,71817,$35070.65,
556,9/22/2024,Official Team Sneakers,Accessories,67129,$20077.86,
557,2/21/2025,Matchday Goalkeeper Gloves,Equipment,63624,$33293.67,
558,8/4/2024,Limited Edition Player Poster,Collectibles,19910,$81195.48,
559,10/18/2024,Training Cones Set,Equipment,19830,$23125.10,
560,2/1/2025,Plush Team Mascot,Kids and Babies,92012,$8428.99,
561,2/28/2025,Team Flag,Home and Office,1956,$47295.94,
562,1/16/2025,Team Flag,Home and Office,36942,$66442.97,
563,12/26/2024,Performance Training Top,Apparel,61011,$7420.32,
564,2/12/2025,Team Logo Hoodie,Apparel,57161,$35098.45,
565,1/30/2025,Limited Edition Player Poster,Collectibles,77036,$39077.44,
566,5/10/2025,Team Phone Case,Home and Office,32706,$88060.80,
567,9/28/2024,Training Cones Set,Equipment,19698,$7507.63,
568,4/18/2025,Matchday Scarf,Accessories,21621,$34811.63,
569,7/15/2024,Official Team Sneakers,Accessories,15465,$18414.34,
570,2/28/2025,Matchday Goalkeeper Gloves,Equipment,45836,$58504.82,
571,6/21/2024,Performance Training Top,Apparel,49891,$17884.09,
572,8/17/2024,Stadium Backpack,Accessories,50509,$20248.47,
573,11/6/2024,Team Phone Case,Home and Office,72799,$45778.25,
574,4/30/2025,2024 Home Jersey,Apparel,14584,$29640.14,
575,11/19/2024,Matchday Goalkeeper Gloves,Equipment,15390,$35361.40,
576,1/11/2025,Youth Home Jersey,Kids and Babies,90796,$76629.96,
577,2/7/2025,Team Flag,Home and Office,3376,$21449.50,
578,10/16/2024,Limited Edition Player Poster,Collectibles,4674,$55310.60,
579,2/11/2025,Limited Edition Player Poster,Collectibles,58052,$44000.98,
580,11/10/2024,Team Flag,Home and Office,11762,$97170.08,
581,12/29/2024,Matchday Goalkeeper Gloves,Equipment,74615,$7665.84,
582,4/13/2025,Signed Team Ball,Collectibles,84507,$97959.29,
583,11/24/2024,Limited Edition Player Poster,Collectibles,71880,$41287.26,
584,3/28/2025,Team Phone Case,Home and Office,31227,$31903.85,
585,12/3/2024,Signed Team Ball,Collectibles,62913,$57229.84,
586,6/3/2025,Team Flag,Home and Office,21821,$95731.79,
587,1/14/2025,Plush Team Mascot,Kids and Babies,97698,$84539.29,
588,7/10/2024,Team Flag,Home and Office,15935,$74388.11,
589,12/8/2024,Matchday Scarf,Accessories,2052,$92308.03,
590,3/6/2025,Team Logo Hoodie,Apparel,13266,$16558.00,
591,5/8/2025,Official Team Sneakers,Accessories,37293,$29208.92,
592,4/8/2025,Plush Team Mascot,Kids and Babies,36596,$11116.64,
593,10/9/2024,Team Flag,Home and Office,88623,$2624.46,
594,3/16/2025,Official Team Sneakers,Accessories,29763,$4721.89,
595,9/5/2024,Matchday Goalkeeper Gloves,Equipment,32680,$40944.50,
596,8/26/2024,Team Logo Hoodie,Apparel,95589,$50392.07,
597,8/20/2024,Performance Training Top,Apparel,62273,$12708.26,
598,1/26/2025,Plush Team Mascot,Kids and Babies,38898,$31016.84,
599,6/7/2024,Performance Training Top,Apparel,19219,$84369.51,
600,3/15/2025,Plush Team Mascot,Kids and Babies,56502,$75984.82,
601,3/20/2025,Training Cones Set,Equipment,65733,$20760.90,
602,12/6/2024,Team Phone Case,Home and Office,89435,$65322.83,
603,7/8/2024,Limited Edition Player Poster,Collectibles,97059,$92850.19,
604,2/25/2025,Matchday Goalkeeper Gloves,Equipment,97477,$5857.21,
605,10/23/2024,Team Phone Case,Home and Office,31987,$67804.13,
606,6/12/2024,Team Phone Case,Home and Office,66499,$58899.94,
607,4/4/2025,Team Flag,Home and Office,25984,$51343.26,
608,3/22/2025,Team Phone Case,Home and Office,90917,$31241.19,
609,6/17/2024,Team Logo Hoodie,Apparel,43558,$9972.28,
610,1/18/2025,Signed Team Ball,Collectibles,61057,$52369.12,
611,12/3/2024,Team Flag,Home and Office,81831,$6277.43,
612,1/15/2025,Plush Team Mascot,Kids and Babies,78585,$46312.07,
613,4/1/2025,Signed Team Ball,Collectibles,9236,$7534.67,
614,11/8/2024,Youth Home Jersey,Kids and Babies,6359,$7482.44,
615,10/5/2024,Limited Edition Player Poster,Collectibles,95460,$77630.73,
616,11/9/2024,Training Cones Set,Equipment,90800,$44883.54,
617,12/24/2024,Plush Team Mascot,Kids and Babies,30082,$68991.17,
618,2/11/2025,Signed Team Ball,Collectibles,64991,$48509.40,
619,12/16/2024,Team Flag,Home and Office,49395,$61344.51,
620,7/19/2024,Signed Team Ball,Collectibles,48567,$35085.97,
621,2/16/2025,Limited Edition Player Poster,Collectibles,68607,$63546.62,
622,4/25/2025,Team Logo Hoodie,Apparel,93342,$49274.22,
623,9/22/2024,Limited Edition Player Poster,Collectibles,31980,$378.68,
624,12/29/2024,Performance Training Top,Apparel,90324,$1321.72,
625,7/7/2024,2024 Home Jersey,Apparel,35232,$39770.51,
626,2/9/2025,Official Team Sneakers,Accessories,16342,$6613.31,
627,8/10/2024,Matchday Goalkeeper Gloves,Equipment,96683,$42745.06,
628,3/24/2025,Limited Edition Player Poster,Collectibles,28365,$72049.77,
629,3/21/2025,Team Flag,Home and Office,63030,$31511.30,
630,8/24/2024,Limited Edition Player Poster,Collectibles,89471,$10796.19,
631,1/25/2025,Team Phone Case,Home and Office,10999,$35930.94,
632,4/12/2025,Performance Training Top,Apparel,46876,$77811.88,
633,9/4/2024,Limited Edition Player Poster,Collectibles,36133,$37111.63,
634,7/12/2024,Official Team Sneakers,Accessories,74635,$80632.38,
635,9/30/2024,Plush Team Mascot,Kids and Babies,27133,$63271.96,
636,8/3/2024,Signed Team Ball,Collectibles,4528,$16289.22,
637,5/13/2025,Official Team Sneakers,Accessories,83783,$91689.98,
638,11/24/2024,Team Phone Case,Home and Office,65168,$44816.06,
639,4/23/2025,Signed Team Ball,Collectibles,1228,$17280.76,
640,8/14/2024,Matchday Goalkeeper Gloves,Equipment,9045,$44687.93,
641,11/4/2024,Matchday Goalkeeper Gloves,Equipment,68124,$19437.48,
642,8/22/2024,Performance Training Top,Apparel,64868,$18809.76,
643,8/9/2024,Plush Team Mascot,Kids and Babies,76141,$11856.93,
644,11/11/2024,Limited Edition Player Poster,Collectibles,70620,$56024.65,
645,8/26/2024,Team Flag,Home and Office,20186,$66866.62,
646,6/14/2024,Classic Team Cap,Apparel,99668,$64444.13,
647,12/11/2024,Matchday Scarf,Accessories,90496,$33585.97,
648,12/9/2024,Signed Team Ball,Collectibles,56054,$27844.96,
649,10/15/2024,Matchday Scarf,Accessories,25841,$6194.25,
650,4/1/2025,Matchday Scarf,Accessories,8298,$63476.14,
651,6/2/2025,Youth Home Jersey,Kids and Babies,72836,$12224.87,
652,3/31/2025,Performance Training Top,Apparel,5567,$73876.95,
653,5/26/2025,Team Flag,Home and Office,7610,$16363.67,
654,9/8/2024,Training Cones Set,Equipment,51972,$1346.43,
655,10/20/2024,Matchday Goalkeeper Gloves,Equipment,97154,$41779.88,
656,10/11/2024,Plush Team Mascot,Kids and Babies,67480,$86781.04,
657,2/23/2025,Matchday Goalkeeper Gloves,Equipment,79036,$6896.76,
658,6/28/2024,Team Phone Case,Home and Office,90453,$50917.01,
659,10/4/2024,Training Cones Set,Equipment,81604,$39683.05,
660,7/18/2024,Limited Edition Player Poster,Collectibles,38225,$59267.11,
661,5/13/2025,Training Cones Set,Equipment,27421,$78382.49,
662,9/14/2024,Classic Team Cap,Apparel,47273,$30661.65,
663,12/3/2024,Signed Team Ball,Collectibles,87981,$44438.75,
664,2/8/2025,Signed Team Ball,Collectibles,95816,$25242.34,
665,2/8/2025,Youth Home Jersey,Kids and Babies,99580,$52636.78,
666,7/5/2024,Matchday Scarf,Accessories,73416,$64142.06,
667,10/16/2024,Training Cones Set,Equipment,52992,$94705.45,
668,3/27/2025,Training Cones Set,Equipment,15164,$84757.64,
669,3/5/2025,Plush Team Mascot,Kids and Babies,95869,$82212.38,
670,12/23/2024,Limited Edition Player Poster,Collectibles,68544,$83752.44,
671,9/11/2024,Classic Team Cap,Apparel,85419,$80521.68,
672,12/18/2024,Team Logo Hoodie,Apparel,49025,$56241.53,
673,1/15/2025,Team Phone Case,Home and Office,39519,$74279.29,
674,11/8/2024,Youth Home Jersey,Kids and Babies,90600,$20046.13,
675,5/22/2025,Plush Team Mascot,Kids and Babies,26526,$10830.18,
676,3/20/2025,Signed Team Ball,Collectibles,21775,$18061.42,
677,5/7/2025,Team Phone Case,Home and Office,63021,$47448.98,
678,4/17/2025,Team Flag,Home and Office,45205,$70867.72,
679,11/13/2024,Youth Home Jersey,Kids and Babies,92729,$41801.37,
680,9/29/2024,Signed Team Ball,Collectibles,99673,$85110.37,
681,9/26/2024,Team Flag,Home and Office,59924,$7824.88,
682,3/14/2025,Matchday Goalkeeper Gloves,Equipment,78569,$5759.33,
683,7/26/2024,Signed Team Ball,Collectibles,74375,$52290.89,
684,9/25/2024,Matchday Scarf,Accessories,35910,$99255.95,
685,12/20/2024,Team Flag,Home and Office,40685,$22118.10,
686,9/28/2024,2024 Home Jersey,Apparel,54347,$37205.01,
687,11/8/2024,Signed Team Ball,Collectibles,16630,$63237.20,
688,11/3/2024,Official Team Sneakers,Accessories,13155,$28254.42,
689,2/11/2025,Youth Home Jersey,Kids and Babies,40945,$21907.31,
690,4/2/2025,Classic Team Cap,Apparel,29055,$62620.38,
691,3/3/2025,Stadium Backpack,Accessories,32901,$60047.76,
692,5/26/2025,Youth Home Jersey,Kids and Babies,80422,$52790.29,
693,1/7/2025,Training Cones Set,Equipment,46024,$8177.46,
694,2/24/2025,Limited Edition Player Poster,Collectibles,12722,$39025.68,
695,1/4/2025,2024 Home Jersey,Apparel,52433,$50611.50,
696,5/13/2025,Stadium Backpack,Accessories,29573,$65681.97,
697,5/28/2025,Youth Home Jersey,Kids and Babies,68008,$71898.59,
698,1/25/2025,Limited Edition Player Poster,Collectibles,45306,$79995.88,
699,10/22/2024,Performance Training Top,Apparel,93628,$56943.46,
700,4/7/2025,Classic Team Cap,Apparel,93586,$76732.42,
701,11/19/2024,Training Cones Set,Equipment,83819,$15158.54,
702,12/21/2024,Matchday Goalkeeper Gloves,Equipment,98017,$34949.48,
703,7/29/2024,Performance Training Top,Apparel,76741,$63164.83,
704,1/9/2025,Signed Team Ball,Collectibles,72688,$56819.98,
705,2/25/2025,Official Team Sneakers,Accessories,95595,$87576.64,
706,3/12/2025,Official Team Sneakers,Accessories,57856,$76313.81,
707,10/11/2024,Team Flag,Home and Office,86839,$16973.01,
708,6/30/2024,Limited Edition Player Poster,Collectibles,95785,$89404.27,
709,9/12/2024,Limited Edition Player Poster,Collectibles,24464,$46002.08,
710,12/14/2024,Performance Training Top,Apparel,48691,$58602.14,
711,7/11/2024,Classic Team Cap,Apparel,7045,$95574.46,
712,10/7/2024,Matchday Scarf,Accessories,42153,$24236.64,
713,1/11/2025,Team Phone Case,Home and Office,20014,$49509.87,
714,8/14/2024,Signed Team Ball,Collectibles,7011,$66334.27,
715,12/25/2024,Classic Team Cap,Apparel,73501,$41085.69,
716,5/30/2025,Team Logo Hoodie,Apparel,61480,$54985.52,
717,12/14/2024,Matchday Goalkeeper Gloves,Equipment,35024,$42002.80,
718,5/25/2025,Matchday Scarf,Accessories,8747,$2377.18,
719,1/23/2025,Limited Edition Player Poster,Collectibles,21945,$46463.78,
720,6/22/2024,Plush Team Mascot,Kids and Babies,87628,$52911.59,
721,2/9/2025,Official Team Sneakers,Accessories,80702,$68969.39,
722,9/13/2024,Team Phone Case,Home and Office,72854,$39198.69,
723,8/27/2024,Stadium Backpack,Accessories,28526,$87657.96,
724,11/24/2024,Team Flag,Home and Office,51507,$55692.66,
725,3/23/2025,Team Flag,Home and Office,27040,$41358.90,
726,10/26/2024,Signed Team Ball,Collectibles,8887,$92525.84,
727,7/26/2024,Plush Team Mascot,Kids and Babies,83991,$25842.83,
728,10/24/2024,Signed Team Ball,Collectibles,50157,$56858.37,
729,12/23/2024,Team Logo Hoodie,Apparel,12678,$40868.23,
730,7/17/2024,Limited Edition Player Poster,Collectibles,97593,$25575.45,
731,6/28/2024,Team Logo Hoodie,Apparel,96113,$20834.60,
732,5/5/2025,Team Phone Case,Home and Office,44305,$93469.87,
733,4/30/2025,Matchday Scarf,Accessories,6128,$85909.59,
734,1/21/2025,Performance Training Top,Apparel,76087,$24822.42,
735,3/27/2025,Team Phone Case,Home and Office,27457,$70724.41,
736,2/14/2025,Plush Team Mascot,Kids and Babies,30969,$35930.55,
737,8/7/2024,Limited Edition Player Poster,Collectibles,73047,$18690.92,
738,10/20/2024,Classic Team Cap,Apparel,30413,$76686.52,
739,6/18/2024,Limited Edition Player Poster,Collectibles,97665,$8705.84,
740,2/11/2025,Limited Edition Player Poster,Collectibles,90267,$7207.05,
741,8/23/2024,Stadium Backpack,Accessories,7078,$1460.93,
742,3/28/2025,Youth Home Jersey,Kids and Babies,8910,$60031.16,
743,1/27/2025,Limited Edition Player Poster,Collectibles,74292,$6693.36,
744,8/7/2024,Team Phone Case,Home and Office,97432,$88835.49,
745,8/18/2024,Team Phone Case,Home and Office,24484,$9109.10,
746,5/12/2025,Youth Home Jersey,Kids and Babies,19512,$7435.98,
747,7/2/2024,Signed Team Ball,Collectibles,69344,$67515.72,
748,2/21/2025,Official Team Sneakers,Accessories,8268,$63067.12,
749,7/18/2024,Training Cones Set,Equipment,50406,$10232.97,
750,12/26/2024,Signed Team Ball,Collectibles,52180,$82365.14,
751,4/15/2025,Training Cones Set,Equipment,42775,$17740.31,
752,3/1/2025,Youth Home Jersey,Kids and Babies,25691,$27678.07,
753,7/11/2024,Stadium Backpack,Accessories,95356,$34619.01,
754,4/17/2025,Stadium Backpack,Accessories,52149,$58221.88,
755,12/7/2024,Team Flag,Home and Office,60084,$27520.68,
756,1/2/2025,Matchday Goalkeeper Gloves,Equipment,95419,$55166.36,
757,11/15/2024,Team Phone Case,Home and Office,88680,$39677.02,
758,5/18/2025,Signed Team Ball,Collectibles,61098,$75371.98,
759,10/28/2024,Team Flag,Home and Office,79362,$98588.67,
760,8/15/2024,Team Flag,Home and Office,74297,$98528.88,
761,11/14/2024,Performance Training Top,Apparel,68212,$10272.57,
762,12/15/2024,Classic Team Cap,Apparel,65667,$28291.29,
763,12/27/2024,Team Phone Case,Home and Office,31856,$49006.28,
764,12/27/2024,Plush Team Mascot,Kids and Babies,43099,$70331.33,
765,7/19/2024,Team Phone Case,Home and Office,46790,$24951.85,
766,11/26/2024,Youth Home Jersey,Kids and Babies,9997,$19097.17,
767,10/17/2024,Limited Edition Player Poster,Collectibles,85615,$81170.42,
768,9/22/2024,Team Phone Case,Home and Office,44673,$94135.76,
769,11/29/2024,Training Cones Set,Equipment,2525,$65318.15,
770,2/17/2025,Youth Home Jersey,Kids and Babies,93771,$35630.12,
771,1/26/2025,Classic Team Cap,Apparel,9378,$91384.95,
772,1/23/2025,Team Logo Hoodie,Apparel,86869,$33442.42,
773,10/29/2024,Training Cones Set,Equipment,7698,$59478.26,
774,10/31/2024,Youth Home Jersey,Kids and Babies,47391,$22558.49,
775,7/11/2024,Training Cones Set,Equipment,16456,$31123.46,
776,4/3/2025,Matchday Goalkeeper Gloves,Equipment,37901,$62178.49,
777,1/8/2025,Team Phone Case,Home and Office,73699,$47319.67,
778,12/17/2024,Stadium Backpack,Accessories,31734,$44496.08,
779,9/8/2024,Matchday Goalkeeper Gloves,Equipment,35705,$57237.90,
780,11/4/2024,Limited Edition Player Poster,Collectibles,84906,$75438.68,
781,3/26/2025,Official Team Sneakers,Accessories,65685,$25171.90,
782,3/12/2025,2024 Home Jersey,Apparel,90391,$27757.03,
783,4/24/2025,Plush Team Mascot,Kids and Babies,13752,$19108.71,
784,10/28/2024,Team Phone Case,Home and Office,37385,$77072.03,
785,11/13/2024,Limited Edition Player Poster,Collectibles,32690,$43556.84,
786,2/18/2025,Plush Team Mascot,Kids and Babies,46871,$98092.82,
787,3/13/2025,Youth Home Jersey,Kids and Babies,32030,$46041.58,
788,1/11/2025,Youth Home Jersey,Kids and Babies,71903,$78517.38,
789,4/25/2025,Official Team Sneakers,Accessories,55889,$14068.23,
790,1/25/2025,Limited Edition Player Poster,Collectibles,48037,$44343.89,
791,5/31/2025,Plush Team Mascot,Kids and Babies,86248,$60829.97,
792,12/15/2024,Matchday Goalkeeper Gloves,Equipment,39692,$50661.35,
793,9/14/2024,Youth Home Jersey,Kids and Babies,21697,$65179.50,
794,9/15/2024,Limited Edition Player Poster,Collectibles,77802,$87434.50,
795,12/21/2024,Official Team Sneakers,Accessories,42858,$17496.08,
796,9/9/2024,Plush Team Mascot,Kids and Babies,30224,$67432.83,
797,1/12/2025,Limited Edition Player Poster,Collectibles,11253,$20757.38,
798,10/28/2024,Signed Team Ball,Collectibles,56772,$12794.03,
799,11/8/2024,Signed Team Ball,Collectibles,34592,$96107.15,
800,8/1/2024,Team Phone Case,Home and Office,88075,$39924.24,
801,7/12/2024,Team Flag,Home and Office,99466,$34708.94,
802,5/29/2025,Plush Team Mascot,Kids and Babies,17552,$89149.61,
803,7/4/2024,Signed Team Ball,Collectibles,24366,$6394.23,
804,7/4/2024,Performance Training Top,Apparel,98782,$52873.81,
805,11/7/2024,Team Phone Case,Home and Office,61032,$92554.53,
806,9/30/2024,Plush Team Mascot,Kids and Babies,13213,$94866.96,
807,2/2/2025,2024 Home Jersey,Apparel,30061,$47553.73,
808,10/24/2024,Performance Training Top,Apparel,3313,$22770.87,
809,11/24/2024,Performance Training Top,Apparel,67347,$25734.55,
810,12/9/2024,Team Flag,Home and Office,32638,$57952.89,
811,12/29/2024,2024 Home Jersey,Apparel,47985,$60504.56,
812,4/18/2025,Plush Team Mascot,Kids and Babies,73928,$17266.52,
813,12/26/2024,Signed Team Ball,Collectibles,4725,$66775.01,
814,7/16/2024,Stadium Backpack,Accessories,23052,$78226.99,
815,5/24/2025,Limited Edition Player Poster,Collectibles,46053,$52478.65,
816,7/5/2024,Team Phone Case,Home and Office,85047,$53888.14,
817,8/4/2024,Plush Team Mascot,Kids and Babies,60993,$78577.67,
818,5/6/2025,Stadium Backpack,Accessories,53978,$99845.70,
819,7/3/2024,Matchday Goalkeeper Gloves,Equipment,75125,$98140.48,
820,3/13/2025,Signed Team Ball,Collectibles,46977,$81373.73,
821,2/16/2025,Stadium Backpack,Accessories,52104,$87125.54,
822,8/26/2024,Limited Edition Player Poster,Collectibles,71201,$71257.45,
823,1/2/2025,Stadium Backpack,Accessories,84998,$17067.73,
824,6/24/2024,Team Phone Case,Home and Office,48951,$65122.90,
825,7/25/2024,Limited Edition Player Poster,Collectibles,49721,$47579.51,
826,8/16/2024,Team Flag,Home and Office,4858,$28827.00,
827,5/21/2025,Signed Team Ball,Collectibles,44240,$64994.59,
828,12/1/2024,Signed Team Ball,Collectibles,28871,$59875.18,
829,3/2/2025,Matchday Scarf,Accessories,50296,$46366.41,
830,9/2/2024,Plush Team Mascot,Kids and Babies,92762,$83624.86,
831,7/28/2024,Matchday Goalkeeper Gloves,Equipment,61419,$46483.74,
832,12/18/2024,Stadium Backpack,Accessories,28171,$9176.10,
833,2/5/2025,Signed Team Ball,Collectibles,50661,$5776.37,
834,3/6/2025,2024 Home Jersey,Apparel,72316,$72327.81,
835,8/2/2024,Signed Team Ball,Collectibles,45,$19435.38,
836,11/25/2024,Team Phone Case,Home and Office,28952,$2905.93,
837,9/18/2024,Signed Team Ball,Collectibles,11453,$97577.66,
838,7/21/2024,Matchday Scarf,Accessories,67855,$61903.31,
839,1/3/2025,Stadium Backpack,Accessories,10808,$5768.93,
840,2/27/2025,Classic Team Cap,Apparel,30580,$23968.27,
841,2/14/2025,Team Flag,Home and Office,20803,$78605.47,
842,9/27/2024,2024 Home Jersey,Apparel,26587,$19334.95,
843,1/24/2025,Limited Edition Player Poster,Collectibles,65400,$45737.03,
844,3/10/2025,2024 Home Jersey,Apparel,9958,$9098.30,
845,7/11/2024,Matchday Scarf,Accessories,55504,$88570.19,
846,2/27/2025,Official Team Sneakers,Accessories,40626,$64402.50,
847,10/17/2024,Official Team Sneakers,Accessories,55588,$86750.69,
848,2/2/2025,Matchday Scarf,Accessories,915,$40623.34,
849,12/16/2024,Signed Team Ball,Collectibles,43987,$85119.43,
850,8/5/2024,Team Logo Hoodie,Apparel,39581,$64743.76,
851,1/17/2025,Team Flag,Home and Office,40472,$60969.80,
852,6/5/2024,Plush Team Mascot,Kids and Babies,40094,$20212.88,
853,10/4/2024,Limited Edition Player Poster,Collectibles,94931,$95737.71,
854,11/16/2024,2024 Home Jersey,Apparel,33054,$89294.83,
855,4/18/2025,Performance Training Top,Apparel,60147,$33739.10,
856,3/28/2025,Plush Team Mascot,Kids and Babies,3029,$55613.94,
857,1/2/2025,Limited Edition Player Poster,Collectibles,77076,$55477.25,
858,2/28/2025,Training Cones Set,Equipment,63277,$24021.36,
859,5/27/2025,Team Logo Hoodie,Apparel,53055,$28495.25,
860,6/15/2024,Signed Team Ball,Collectibles,26736,$17369.60,
861,11/3/2024,Training Cones Set,Equipment,42402,$57158.13,
862,3/5/2025,Classic Team Cap,Apparel,26750,$44063.10,
863,9/19/2024,Matchday Scarf,Accessories,23764,$8612.24,
864,1/2/2025,Matchday Goalkeeper Gloves,Equipment,70266,$93895.13,
865,3/19/2025,Youth Home Jersey,Kids and Babies,89651,$28355.14,
866,10/27/2024,Team Phone Case,Home and Office,20711,$62782.86,
867,7/31/2024,Youth Home Jersey,Kids and Babies,98478,$8526.67,
868,2/13/2025,Team Flag,Home and Office,95489,$91690.48,
869,5/1/2025,Performance Training Top,Apparel,72264,$39069.55,
870,8/9/2024,Stadium Backpack,Accessories,37714,$92951.93,
871,11/26/2024,Team Flag,Home and Office,93640,$85159.87,
872,11/9/2024,Plush Team Mascot,Kids and Babies,31620,$56915.62,
873,9/27/2024,Limited Edition Player Poster,Collectibles,71232,$67756.12,
874,8/5/2024,Matchday Scarf,Accessories,2421,$49465.49,
875,9/24/2024,Team Flag,Home and Office,66018,$36997.09,
876,10/4/2024,Limited Edition Player Poster,Collectibles,90985,$58869.65,
877,4/30/2025,Youth Home Jersey,Kids and Babies,6623,$47093.63,
878,8/4/2024,Signed Team Ball,Collectibles,85468,$70324.33,
879,2/22/2025,Team Phone Case,Home and Office,97343,$33435.91,
880,8/25/2024,2024 Home Jersey,Apparel,74651,$37689.68,
881,9/25/2024,Limited Edition Player Poster,Collectibles,13085,$82372.64,
882,11/15/2024,Signed Team Ball,Collectibles,89401,$45789.90,
883,6/23/2024,Youth Home Jersey,Kids and Babies,41448,$76530.98,
884,5/20/2025,Limited Edition Player Poster,Collectibles,89704,$96330.67,
885,5/29/2025,Signed Team Ball,Collectibles,86880,$1857.16,
886,2/17/2025,Matchday Scarf,Accessories,78612,$24449.96,
887,3/21/2025,Limited Edition Player Poster,Collectibles,40203,$4355.45,
888,5/21/2025,Matchday Scarf,Accessories,26839,$52379.63,
889,7/5/2024,Team Flag,Home and Office,5463,$74243.96,
890,2/16/2025,Training Cones Set,Equipment,70735,$43794.38,
891,2/6/2025,Performance Training Top,Apparel,52691,$75462.20,
892,7/18/2024,Matchday Scarf,Accessories,30605,$18421.66,
893,10/8/2024,Plush Team Mascot,Kids and Babies,51673,$67702.24,
894,6/26/2024,Training Cones Set,Equipment,53483,$57737.93,
895,3/25/2025,Plush Team Mascot,Kids and Babies,45121,$62583.10,
896,7/3/2024,Official Team Sneakers,Accessories,81658,$54561.31,
897,4/24/2025,Signed Team Ball,Collectibles,46468,$28048.82,
898,3/21/2025,2024 Home Jersey,Apparel,53633,$55860.23,
899,11/27/2024,Signed Team Ball,Collectibles,75491,$61199.89,
900,3/26/2025,Official Team Sneakers,Accessories,56543,$50105.37,
901,2/6/2025,Team Phone Case,Home and Office,74099,$37024.24,
902,4/5/2025,Official Team Sneakers,Accessories,66487,$44621.47,
903,10/21/2024,Matchday Goalkeeper Gloves,Equipment,13242,$66683.49,
904,5/25/2025,Team Phone Case,Home and Office,3793,$81003.32,
905,2/27/2025,Team Logo Hoodie,Apparel,17637,$28549.21,
906,1/25/2025,Youth Home Jersey,Kids and Babies,76126,$40332.92,
907,5/9/2025,Team Flag,Home and Office,77742,$69246.77,
908,2/8/2025,Classic Team Cap,Apparel,96424,$89163.35,
909,11/12/2024,Limited Edition Player Poster,Collectibles,63938,$7065.00,
910,2/10/2025,Team Phone Case,Home and Office,52383,$23010.43,
911,9/18/2024,Team Logo Hoodie,Apparel,37595,$41150.27,
912,8/19/2024,Matchday Goalkeeper Gloves,Equipment,4962,$32627.14,
913,10/18/2024,Official Team Sneakers,Accessories,18557,$30872.90,
914,9/4/2024,Limited Edition Player Poster,Collectibles,87851,$68753.43,
915,6/13/2024,Signed Team Ball,Collectibles,58140,$81035.54,
916,4/23/2025,Performance Training Top,Apparel,21626,$29240.07,
917,3/19/2025,Limited Edition Player Poster,Collectibles,39132,$36411.95,
918,7/29/2024,Matchday Goalkeeper Gloves,Equipment,13809,$98824.50,
919,5/10/2025,Performance Training Top,Apparel,56473,$23945.30,
920,9/27/2024,Plush Team Mascot,Kids and Babies,55210,$61635.34,
921,7/27/2024,Matchday Goalkeeper Gloves,Equipment,33664,$54400.05,
922,10/2/2024,Team Flag,Home and Office,95746,$28506.97,
923,1/1/2025,Official Team Sneakers,Accessories,28200,$96532.23,
924,4/26/2025,Official Team Sneakers,Accessories,44722,$2102.50,
925,8/24/2024,Matchday Goalkeeper Gloves,Equipment,29769,$62111.65,
926,2/13/2025,Team Flag,Home and Office,91272,$6179.91,
927,12/6/2024,Classic Team Cap,Apparel,36654,$33754.73,
928,12/2/2024,Team Phone Case,Home and Office,3962,$46862.43,
929,11/16/2024,Youth Home Jersey,Kids and Babies,3098,$42548.47,
930,9/23/2024,Youth Home Jersey,Kids and Babies,83011,$83215.27,
931,9/13/2024,Matchday Scarf,Accessories,56695,$59661.03,
932,9/8/2024,Team Flag,Home and Office,25483,$96121.02,
933,5/11/2025,Performance Training Top,Apparel,17878,$60559.00,
934,10/9/2024,Training Cones Set,Equipment,63293,$73919.21,
935,12/14/2024,Team Phone Case,Home and Office,63662,$19690.59,
936,11/19/2024,Team Flag,Home and Office,20427,$68074.25,
937,10/12/2024,Classic Team Cap,Apparel,87836,$40172.44,
938,11/6/2024,Team Logo Hoodie,Apparel,8732,$82952.30,
939,2/21/2025,Team Logo Hoodie,Apparel,91636,$12802.38,
940,4/1/2025,Classic Team Cap,Apparel,72514,$62128.34,
941,2/17/2025,Team Phone Case,Home and Office,83063,$71139.68,
942,7/19/2024,Team Flag,Home and Office,91723,$99597.57,
943,9/28/2024,Matchday Goalkeeper Gloves,Equipment,45639,$1424.74,
944,3/4/2025,Training Cones Set,Equipment,41943,$84977.93,
945,6/5/2024,Matchday Scarf,Accessories,74364,$38472.85,
946,10/11/2024,Matchday Scarf,Accessories,47545,$98584.05,
947,7/6/2024,Team Logo Hoodie,Apparel,85816,$82906.31,
948,11/8/2024,Youth Home Jersey,Kids and Babies,85673,$50555.52,
949,4/4/2025,Plush Team Mascot,Kids and Babies,12505,$13778.46,
950,4/12/2025,Team Flag,Home and Office,9153,$65937.65,
951,8/2/2024,Training Cones Set,Equipment,62043,$46574.41,
952,8/8/2024,Matchday Goalkeeper Gloves,Equipment,58314,$8103.46,
953,7/17/2024,Limited Edition Player Poster,Collectibles,13546,$88691.95,
954,11/24/2024,Classic Team Cap,Apparel,89452,$2358.73,
955,8/31/2024,Matchday Goalkeeper Gloves,Equipment,84821,$80196.78,
956,4/27/2025,Team Logo Hoodie,Apparel,76863,$38379.86,
957,8/24/2024,Youth Home Jersey,Kids and Babies,21245,$30022.22,
958,6/3/2025,Signed Team Ball,Collectibles,48503,$16041.67,
959,3/19/2025,Limited Edition Player Poster,Collectibles,36284,$60384.62,
960,8/16/2024,Classic Team Cap,Apparel,39668,$65229.61,
961,3/20/2025,Youth Home Jersey,Kids and Babies,61721,$11948.04,
962,7/16/2024,Limited Edition Player Poster,Collectibles,51828,$25528.62,
963,9/11/2024,Matchday Goalkeeper Gloves,Equipment,3243,$23833.57,
964,2/27/2025,Team Phone Case,Home and Office,81580,$75.30,
965,8/5/2024,Official Team Sneakers,Accessories,31093,$16891.75,
966,11/10/2024,Official Team Sneakers,Accessories,78713,$45028.71,
967,11/15/2024,Youth Home Jersey,Kids and Babies,91006,$69448.09,
968,12/1/2024,Signed Team Ball,Collectibles,25312,$58127.52,
969,2/16/2025,Plush Team Mascot,Kids and Babies,56200,$62518.51,
970,7/6/2024,Official Team Sneakers,Accessories,58652,$27703.47,
971,12/8/2024,Matchday Scarf,Accessories,30462,$38431.09,
972,2/22/2025,Team Logo Hoodie,Apparel,78528,$96852.63,
973,11/18/2024,Stadium Backpack,Accessories,12185,$67744.37,
974,6/23/2024,Stadium Backpack,Accessories,31059,$19191.97,
975,5/19/2025,Youth Home Jersey,Kids and Babies,1742,$51658.42,
976,2/19/2025,2024 Home Jersey,Apparel,174,$8509.25,
977,10/9/2024,Plush Team Mascot,Kids and Babies,55468,$31106.00,
978,5/12/2025,Classic Team Cap,Apparel,34596,$22532.65,
979,7/30/2024,Classic Team Cap,Apparel,72467,$34612.39,
980,2/4/2025,Youth Home Jersey,Kids and Babies,43208,$89316.68,
981,3/11/2025,Matchday Scarf,Accessories,18833,$12725.89,
982,2/25/2025,Stadium Backpack,Accessories,18242,$9833.32,
983,12/25/2024,Signed Team Ball,Collectibles,95183,$76476.85,
984,6/22/2024,Signed Team Ball,Collectibles,43171,$96849.32,
985,10/13/2024,Team Logo Hoodie,Apparel,17199,$76880.56,
986,6/29/2024,Classic Team Cap,Apparel,12811,$52845.68,
987,7/11/2024,Training Cones Set,Equipment,27927,$86062.25,
988,11/20/2024,Signed Team Ball,Collectibles,27847,$73979.29,
989,5/6/2025,2024 Home Jersey,Apparel,75093,$52506.05,
990,5/16/2025,Plush Team Mascot,Kids and Babies,18782,$53450.79,
991,5/18/2025,Official Team Sneakers,Accessories,9331,$48671.21,
992,5/28/2025,Youth Home Jersey,Kids and Babies,65375,$37500.78,
993,8/31/2024,Limited Edition Player Poster,Collectibles,1095,$42274.44,
994,3/6/2025,Youth Home Jersey,Kids and Babies,75436,$30249.08,
995,4/21/2025,Performance Training Top,Apparel,55743,$1438.96,
996,9/25/2024,Signed Team Ball,Collectibles,92373,$46130.62,
997,1/3/2025,Limited Edition Player Poster,Collectibles,59151,$58091.64,
998,12/1/2024,Team Flag,Home and Office,26779,$49853.74,
999,10/4/2024,Training Cones Set,Equipment,73922,$26030.80,
1000,12/29/2024,Signed Team Ball,Collectibles,26779,$58918.68,
